@book{krauth2006,
  title={Statistical mechanics: algorithms and computations},
  author={Krauth, Werner},
  volume=13,
  year=2006,
  publisher={OUP Oxford}
}

@book{greiner2012,
  title={Thermodynamics and statistical mechanics},
  author={Greiner, Walter and Neise, Ludwig and St{\"o}cker, Horst},
  year=2012,
  publisher={Springer Science \& Business Media}
}


